<?xml version="1.0" encoding="UTF-8"?><record xmlns="http://www.loc.gov/MARC21/slim" xmlns:cinclude="http://apache.org/cocoon/include/1.0" xmlns:zs="http://www.loc.gov/zing/srw/">
  <leader>00620nz  a2200157n  4500</leader>
  <controlfield tag="001">no2004110043</controlfield>
  <controlfield tag="003">DLC</controlfield>
  <controlfield tag="005">20041112052407.0</controlfield>
  <controlfield tag="008">041111n| acannaabn          |n aaa     c</controlfield>
  <datafield tag="010" ind1=" " ind2=" ">
    <subfield code="a">no2004110043</subfield>
  </datafield>
  <datafield tag="035" ind1=" " ind2=" ">
    <subfield code="a">(OCoLC)oca06490997</subfield>
  </datafield>
  <datafield tag="040" ind1=" " ind2=" ">
    <subfield code="a">InU-Mu</subfield>
    <subfield code="b">eng</subfield>
    <subfield code="c">InU-Mu</subfield>
  </datafield>
  <datafield tag="100" ind1="1" ind2=" ">
    <subfield code="a">Williamson, Lisa</subfield>
    <subfield code="q">(Lisa Ann)</subfield>
  </datafield>
  <datafield tag="670" ind1=" " ind2=" ">
    <subfield code="a">Canfield, J. The proclamation [SR] p2003:</subfield>
    <subfield code="b">container (Lisa Williamson, soprano) insert (lyric-coloratura soprano)</subfield>
  </datafield>
  <datafield tag="670" ind1=" " ind2=" ">
    <subfield code="a">Falstaff [VR] 1992:</subfield>
    <subfield code="b">program (Lisa Williamson; sings role of Mrs. Alice Ford)</subfield>
  </datafield>
  <datafield tag="670" ind1=" " ind2=" ">
    <subfield code="a">Indiana University, Bloomington. Student directory, 1993/1994</subfield>
    <subfield code="b">(Williamson, Lisa Ann)</subfield>
  </datafield>
</record>